@ARTICLE{1963MNRAS.125..127M,
   author = {{Michie}, R.~W.},
    title = "{On the distribution of high energy stars in spherical stellar systems}",
  journal = {\mnras},
     year = 1963,
   volume = 125,
    pages = {127},
   adsurl = {http://adsabs.harvard.edu/abs/1963MNRAS.125..127M},
  adsnote = {Provided by the SAO/NASA Astrophysics Data System}
}

@ARTICLE{1966AJ.....71...64K,
   author = {{King}, I.~R.},
    title = "{The structure of star clusters. III. Some simple dynamical models}",
  journal = {\aj},
     year = 1966,
    month = feb,
   volume = 71,
    pages = {64},
      doi = {10.1086/109857},
   adsurl = {http://adsabs.harvard.edu/abs/1966AJ.....71...64K},
  adsnote = {Provided by the SAO/NASA Astrophysics Data System}
}

@ARTICLE{1967MNRAS.136..101L,
   author = {{Lynden-Bell}, D.},
    title = "{Statistical mechanics of violent relaxation in stellar systems}",
  journal = {\mnras},
     year = 1967,
   volume = 136,
    pages = {101},
   adsurl = {http://adsabs.harvard.edu/abs/1967MNRAS.136..101L},
  adsnote = {Provided by the SAO/NASA Astrophysics Data System}
}

@ARTICLE{1983A&A...119...35R,
   author = {{Ruffini}, R. and {Stella}, L.},
    title = "{On semi-degenerate equilibrium configurations of a collisionless self-gravitating Fermi gas}",
  journal = {\aap},
 keywords = {Cosmology, Galactic Clusters, Galactic Evolution, Galactic Radiation, Gravitation Theory, Neutrinos, Particle Mass, Astronomical Models, Collisionless Plasmas, Gravitational Collapse, Halos, Leptons, Mass Distribution},
     year = 1983,
    month = mar,
   volume = 119,
    pages = {35-41},
   adsurl = {http://adsabs.harvard.edu/abs/1983A%26A...119...35R},
  adsnote = {Provided by the SAO/NASA Astrophysics Data System}
}

@ARTICLE{1990A&A...235....1G,
   author = {{Gao}, J.~G. and {Merafina}, M. and {Ruffini}, R.},
    title = "{The semidegenerate configurations of a selfgravitating system of fermions}",
  journal = {\aap},
 keywords = {Cosmology, Degenerate Matter, Fermions, Gravitation Theory, Density Distribution, Distribution Functions, Numerical Integration, Power Series, Relativity},
     year = 1990,
    month = aug,
   volume = 235,
    pages = {1-7},
   adsurl = {http://adsabs.harvard.edu/abs/1990A%26A...235....1G},
  adsnote = {Provided by the SAO/NASA Astrophysics Data System}
}

@ARTICLE{1992A&A...258..223I,
   author = {{Ingrosso}, G. and {Merafina}, M. and {Ruffini}, R. and {Strafella}, F.
	},
    title = "{System of self-gravitating semidegenerate fermions with a cutoff of energy and angular momentum in their distribution function}",
  journal = {\aap},
 keywords = {Angular Momentum, Cosmology, Distribution Functions, Elementary Particles, Galactic Halos, Gravitational Effects, Dark Matter, Galactic Rotation, Spiral Galaxies},
     year = 1992,
    month = may,
   volume = 258,
    pages = {223-233},
   adsurl = {http://adsabs.harvard.edu/abs/1992A%26A...258..223I},
  adsnote = {Provided by the SAO/NASA Astrophysics Data System}
}

@ARTICLE{2004PhyA..332...89C,
   author = {{Chavanis}, P.-H.},
    title = "{Generalized thermodynamics and kinetic equations: Boltzmann, Landau, Kramers and Smoluchowski}",
  journal = {Physica A Statistical Mechanics and its Applications},
   eprint = {cond-mat/0304073},
 keywords = {Kinetic theory, Generalized thermodynamics, Tsallis entropy, Long-range interactions, Violent relaxation},
     year = 2004,
    month = feb,
   volume = 332,
    pages = {89-122},
      doi = {10.1016/j.physa.2003.09.061},
   adsurl = {http://adsabs.harvard.edu/abs/2004PhyA..332...89C},
  adsnote = {Provided by the SAO/NASA Astrophysics Data System}
}

@INPROCEEDINGS{2013pdmg.conf30204A,
   author = {{Arg{\"u}elles}, C. and {Siutsou}, I. and {Ruffini}, R. and 
	{Rueda}, J. and {Machado}, B.},
    title = "{On the core-halo constituents of a semi-degenerate gas of massive fermions}",
booktitle = {Probes of Dark Matter on Galaxy Scales},
     year = 2013,
    month = jul,
    pages = {30204},
   adsurl = {http://adsabs.harvard.edu/abs/2013pdmg.conf30204A},
  adsnote = {Provided by the SAO/NASA Astrophysics Data System}
}

@ARTICLE{2014MNRAS.442.2717D,
   author = {{de Vega}, H.~J. and {Salucci}, P. and {Sanchez}, N.~G.},
    title = "{Observational rotation curves and density profiles versus the Thomas-Fermi galaxy structure theory}",
  journal = {\mnras},
archivePrefix = "arXiv",
   eprint = {1309.2290},
 keywords = {Galaxy structure, dark matter},
     year = 2014,
    month = aug,
   volume = 442,
    pages = {2717-2727},
      doi = {10.1093/mnras/stu972},
   adsurl = {http://adsabs.harvard.edu/abs/2014MNRAS.442.2717D},
  adsnote = {Provided by the SAO/NASA Astrophysics Data System}
}

@ARTICLE{2014JKPS...65..801A,
   author = {{Arg{\"u}elles}, C.~R. and {Ruffini}, R. and {Siutsou}, I. and 
	{Fraga}, B.},
    title = "{On the distribution of dark matter in galaxies: Quantum treatments}",
  journal = {Journal of Korean Physical Society},
archivePrefix = "arXiv",
   eprint = {1402.0700},
 keywords = {Dark matter, Self-gravitating systems, Fermions, Galaxies, Density profiles, Rotation curves},
     year = 2014,
    month = sep,
   volume = 65,
    pages = {801-804},
      doi = {10.3938/jkps.65.801},
   adsurl = {http://adsabs.harvard.edu/abs/2014JKPS...65..801A},
  adsnote = {Provided by the SAO/NASA Astrophysics Data System}
}

@ARTICLE{2015ApJ...803...80K,
   author = {{K{\"u}pper}, A.~H.~W. and {Balbinot}, E. and {Bonaca}, A. and 
	{Johnston}, K.~V. and {Hogg}, D.~W. and {Kroupa}, P. and {Santiago}, B.~X.
	},
    title = "{Globular Cluster Streams as Galactic High-Precision Scales --- the Poster Child Palomar 5}",
  journal = {\apj},
archivePrefix = "arXiv",
   eprint = {1502.02658},
 keywords = {dark matter, Galaxy: fundamental parameters, Galaxy: halo, Galaxy: kinematics and dynamics, Galaxy: structure, globular clusters: individual: Palomar 5},
     year = 2015,
    month = apr,
   volume = 803,
      eid = {80},
    pages = {80},
      doi = {10.1088/0004-637X/803/2/80},
   adsurl = {http://adsabs.harvard.edu/abs/2015ApJ...803...80K},
  adsnote = {Provided by the SAO/NASA Astrophysics Data System}
}

@ARTICLE{2015ARep...59..656S,
   author = {{Siutsou}, I. and {Arg{\"u}elles}, C.~R. and {Ruffini}, R.},
    title = "{Dark matter massive fermions and Einasto profiles in galactic haloes}",
  journal = {Astronomy Reports},
archivePrefix = "arXiv",
   eprint = {1402.0695},
     year = 2015,
    month = jul,
   volume = 59,
    pages = {656-666},
      doi = {10.1134/S1063772915070124},
   adsurl = {http://adsabs.harvard.edu/abs/2015ARep...59..656S},
  adsnote = {Provided by the SAO/NASA Astrophysics Data System}
}

@ARTICLE{2015MNRAS.451..622R,
   author = {{Ruffini}, R. and {Arg{\"u}elles}, C.~R. and {Rueda}, J.~A.},
    title = "{On the core-halo distribution of dark matter in galaxies}",
  journal = {\mnras},
archivePrefix = "arXiv",
   eprint = {1409.7365},
 keywords = {methods: numerical, galaxies: haloes, galaxies: nuclei, galaxies: structure, dark matter},
     year = 2015,
    month = jul,
   volume = 451,
    pages = {622-628},
      doi = {10.1093/mnras/stv1016},
   adsurl = {http://adsabs.harvard.edu/abs/2015MNRAS.451..622R},
  adsnote = {Provided by the SAO/NASA Astrophysics Data System}
}

@ARTICLE{2014PhRvL.113z1302S,
   author = {{Schive}, H.-Y. and {Liao}, M.-H. and {Woo}, T.-P. and {Wong}, S.-K. and 
	{Chiueh}, T. and {Broadhurst}, T. and {Hwang}, W.-Y.~P.},
    title = "{Understanding the Core-Halo Relation of Quantum Wave Dark Matter from 3D Simulations}",
  journal = {Physical Review Letters},
archivePrefix = "arXiv",
   eprint = {1407.7762},
 keywords = {Dark matter, Tunneling Josephson effect Bose-Einstein condensates in periodic potentials solitons vortices and topological excitations, Dwarf galaxies, Galactic halos},
     year = 2014,
    month = dec,
   volume = 113,
   number = 26,
      eid = {261302},
    pages = {261302},
      doi = {10.1103/PhysRevLett.113.261302},
   adsurl = {http://adsabs.harvard.edu/abs/2014PhRvL.113z1302S},
  adsnote = {Provided by the SAO/NASA Astrophysics Data System}
}

@ARTICLE{2014PhR...535....1L,
   author = {{Levin}, Y. and {Pakter}, R. and {Rizzato}, F.~B. and {Teles}, T.~N. and 
	{Benetti}, F.~P.~C.},
    title = "{Nonequilibrium statistical mechanics of systems with long-range interactions}",
  journal = {\physrep},
     year = 2014,
    month = feb,
   volume = 535,
    pages = {1-60},
      doi = {10.1016/j.physrep.2013.10.001},
   adsurl = {http://adsabs.harvard.edu/abs/2014PhR...535....1L},
  adsnote = {Provided by the SAO/NASA Astrophysics Data System}
}

@ARTICLE{2015PhRvD..92l3527C,
   author = {{Chavanis}, P.-H. and {Lemou}, M. and {M{\'e}hats}, F.},
    title = "{Models of dark matter halos based on statistical mechanics: The fermionic King model}",
  journal = {\prd},
archivePrefix = "arXiv",
   eprint = {1409.7840},
 keywords = {Dark matter, Galactic halo, Galactic halos},
     year = 2015,
    month = dec,
   volume = 92,
   number = 12,
      eid = {123527},
    pages = {123527},
      doi = {10.1103/PhysRevD.92.123527},
   adsurl = {http://adsabs.harvard.edu/abs/2015PhRvD..92l3527C},
  adsnote = {Provided by the SAO/NASA Astrophysics Data System}
}

@ARTICLE{2013PASJ...65..118S,
   author = {{Sofue}, Y.},
    title = "{Rotation Curve and Mass Distribution in the Galactic Center - From Black Hole to Entire Galaxy}",
  journal = {\pasj},
archivePrefix = "arXiv",
   eprint = {1307.8241},
 keywords = {galaxies: individual: Milky Way, galaxies: kinematics and dynamics, galaxies: structure, ISM: kinematics and dynamics, radio lines: ISM},
     year = 2013,
    month = dec,
   volume = 65,
    pages = {118},
      doi = {10.1093/pasj/65.6.118},
   adsurl = {http://adsabs.harvard.edu/abs/2013PASJ...65..118S},
  adsnote = {Provided by the SAO/NASA Astrophysics Data System}
}

@ARTICLE{2014MNRAS.445.3788G,
   author = {{Gibbons}, S.~L.~J. and {Belokurov}, V. and {Evans}, N.~W.},
    title = "{`Skinny Milky Way please', says Sagittarius}",
  journal = {\mnras},
archivePrefix = "arXiv",
   eprint = {1406.2243},
 keywords = {Galaxy: fundamental parameters, Galaxy: halo, Galaxy: kinematics and dynamics, galaxies: dwarf},
     year = 2014,
    month = dec,
   volume = 445,
    pages = {3788-3802},
      doi = {10.1093/mnras/stu1986},
   adsurl = {http://adsabs.harvard.edu/abs/2014MNRAS.445.3788G},
  adsnote = {Provided by the SAO/NASA Astrophysics Data System}
}

@ARTICLE{2009ApJ...707L.114G,
   author = {{Gillessen}, S. and {Eisenhauer}, F. and {Fritz}, T.~K. and 
	{Bartko}, H. and {Dodds-Eden}, K. and {Pfuhl}, O. and {Ott}, T. and 
	{Genzel}, R.},
    title = "{The Orbit of the Star S2 Around SGR A* from Very Large Telescope and Keck Data}",
  journal = {\apjl},
archivePrefix = "arXiv",
   eprint = {0910.3069},
 primaryClass = "astro-ph.GA",
 keywords = {astrometry, black hole physics, Galaxy: center, infrared: stars},
     year = 2009,
    month = dec,
   volume = 707,
    pages = {L114-L117},
      doi = {10.1088/0004-637X/707/2/L114},
   adsurl = {http://adsabs.harvard.edu/abs/2009ApJ...707L.114G},
  adsnote = {Provided by the SAO/NASA Astrophysics Data System}
}

@ARTICLE{2012PASJ...64...75S,
   author = {{Sofue}, Y.},
    title = "{Grand Rotation Curve and Dark Matter Halo in the Milky Way Galaxy}",
  journal = {\pasj},
archivePrefix = "arXiv",
   eprint = {1110.4431},
 keywords = {Galaxy: fundamental parameters, Galaxy: rotation curve, Galaxy: structure, galaxies: dark matter},
     year = 2012,
    month = aug,
   volume = 64,
      doi = {10.1093/pasj/64.4.75},
   adsurl = {http://adsabs.harvard.edu/abs/2012PASJ...64...75S},
  adsnote = {Provided by the SAO/NASA Astrophysics Data System}
}

@ARTICLE{2014MNRAS.437..116B,
   author = {{Belokurov}, V. and {Koposov}, S.~E. and {Evans}, N.~W. and 
	{Pe{\~n}arrubia}, J. and {Irwin}, M.~J. and {Smith}, M.~C. and 
	{Lewis}, G.~F. and {Gieles}, M. and {Wilkinson}, M.~I. and {Gilmore}, G. and 
	{Olszewski}, E.~W. and {Niederste-Ostholt}, M.},
    title = "{Precession of the Sagittarius stream}",
  journal = {\mnras},
archivePrefix = "arXiv",
   eprint = {1301.7069},
 primaryClass = "astro-ph.GA",
 keywords = {blue stragglers, stars: carbon, stars: horizontal branch, Galaxy: fundamental parameters, Galaxy: halo, Galaxy: kinematics and dynamics},
     year = 2014,
    month = jan,
   volume = 437,
    pages = {116-131},
      doi = {10.1093/mnras/stt1862},
   adsurl = {http://adsabs.harvard.edu/abs/2014MNRAS.437..116B},
  adsnote = {Provided by the SAO/NASA Astrophysics Data System}
}

@ARTICLE{1995MNRAS.275..429L,
   author = {{Lynden-Bell}, D. and {Lynden-Bell}, R.~M.},
    title = "{Ghostly streams from the formation of the Galaxy's halo}",
  journal = {\mnras},
 keywords = {GLOBULAR CLUSTERS: GENERAL, GALAXY: HALO, GALAXIES: KINEMATICS AND DYNAMICS, LOCAL GROUP, MAGELLANIC CLOUDS},
     year = 1995,
    month = jul,
   volume = 275,
    pages = {429-442},
      doi = {10.1093/mnras/275.2.429},
   adsurl = {http://adsabs.harvard.edu/abs/1995MNRAS.275..429L},
  adsnote = {Provided by the SAO/NASA Astrophysics Data System}
}

@ARTICLE{2013IJMPD..2260008R,
   author = {{Ruffini}, R. and {Arg{\"u}elles}, C.~R. and {Fraga}, B.~M.~O. and 
	{Geralico}, A. and {Quevedo}, H. and {Rueda}, J.~A. and {Siutsou}, I.
	},
    title = "{Black Holes in Gamma Ray Bursts and Galactic Nuclei}",
  journal = {International Journal of Modern Physics D},
 keywords = {Black holes, neutron stars, gamma ray burst},
     year = 2013,
    month = sep,
   volume = 22,
      eid = {1360008},
    pages = {60008},
      doi = {10.1142/S0218271813600080},
   adsurl = {http://adsabs.harvard.edu/abs/2013IJMPD..2260008R},
  adsnote = {Provided by the SAO/NASA Astrophysics Data System}
}

@ARTICLE{1930PhRv...35..904T,
   author = {{Tolman}, R.~C.},
    title = "{On the Weight of Heat and Thermal Equilibrium in General Relativity}",
  journal = {Physical Review},
     year = 1930,
    month = apr,
   volume = 35,
    pages = {904-924},
      doi = {10.1103/PhysRev.35.904},
   adsurl = {http://adsabs.harvard.edu/abs/1930PhRv...35..904T},
  adsnote = {Provided by the SAO/NASA Astrophysics Data System}
}

@ARTICLE{1949RvMP...21..531K,
   author = {{Klein}, O.},
    title = "{On the Thermodynamical Equilibrium of Fluids in Gravitational Fields}",
  journal = {Reviews of Modern Physics},
     year = 1949,
    month = jul,
   volume = 21,
    pages = {531-533},
      doi = {10.1103/RevModPhys.21.531},
   adsurl = {http://adsabs.harvard.edu/abs/1949RvMP...21..531K},
  adsnote = {Provided by the SAO/NASA Astrophysics Data System}
}

@ARTICLE{2015companion,
   author = {{Arg{\"u}elles}, C.~R. and {Krut}, A. and {Rueda}, J.~A. and {Ruffini}, R.},
  journal = {In preparation},
     year = 2014
}

@ARTICLE{2014IJMPD..2342020A,
   author = {{Arg{\"u}elles}, C.~R. and {Ruffini}, R.},
    title = "{Are the most super-massive dark compact objects harbored at the center of dark matter halos?}",
  journal = {International Journal of Modern Physics D},
archivePrefix = "arXiv",
   eprint = {1405.7505},
 keywords = {Dark matter, galaxies, super-massive black holes{\ndash}halos, self-gravitating systems, fermions},
     year = 2014,
    month = oct,
   volume = 23,
      eid = {1442020},
    pages = {42020},
      doi = {10.1142/S0218271814420206},
   adsurl = {http://adsabs.harvard.edu/abs/2014IJMPD..2342020A},
  adsnote = {Provided by the SAO/NASA Astrophysics Data System}
}

@ARTICLE{2009PhRvL.102t1304B,
   author = {{Boyarsky}, A. and {Lesgourgues}, J. and {Ruchayskiy}, O. and 
	{Viel}, M.},
    title = "{Realistic Sterile Neutrino Dark Matter with KeV Mass does not Contradict Cosmological Bounds}",
  journal = {Physical Review Letters},
archivePrefix = "arXiv",
   eprint = {0812.3256},
 primaryClass = "hep-ph",
 keywords = {Dark matter, Neutrino mass and mixing, Non-standard-model neutrinos right-handed neutrinos etc., Observational cosmology},
     year = 2009,
    month = may,
   volume = 102,
   number = 20,
      eid = {201304},
    pages = {201304},
      doi = {10.1103/PhysRevLett.102.201304},
   adsurl = {http://adsabs.harvard.edu/abs/2009PhRvL.102t1304B},
  adsnote = {Provided by the SAO/NASA Astrophysics Data System}
}

@ARTICLE{2015PhRvD..92j3509P,
   author = {{Patwardhan}, A.~V. and {Fuller}, G.~M. and {Kishimoto}, C.~T. and 
	{Kusenko}, A.},
    title = "{Diluted equilibrium sterile neutrino dark matter}",
  journal = {\prd},
archivePrefix = "arXiv",
   eprint = {1507.01977},
 keywords = {Dark matter, Neutrino mass and mixing, Non-standard-model neutrinos right-handed neutrinos etc., Elementary particle processes},
     year = 2015,
    month = nov,
   volume = 92,
   number = 10,
      eid = {103509},
    pages = {103509},
      doi = {10.1103/PhysRevD.92.103509},
   adsurl = {http://adsabs.harvard.edu/abs/2015PhRvD..92j3509P},
  adsnote = {Provided by the SAO/NASA Astrophysics Data System}
}


@ARTICLE{2014CQGra..31c5024S,
   author = {{Schiffrin}, J.~S. and {Wald}, R.~M.},
    title = "{Turning point instabilities for relativistic stars and black holes}",
  journal = {Classical and Quantum Gravity},
archivePrefix = "arXiv",
   eprint = {1310.5117},
 primaryClass = "gr-qc",
     year = 2014,
    month = feb,
   volume = 31,
   number = 3,
      eid = {035024},
    pages = {035024},
      doi = {10.1088/0264-9381/31/3/035024},
   adsurl = {http://adsabs.harvard.edu/abs/2014CQGra..31c5024S},
  adsnote = {Provided by the SAO/NASA Astrophysics Data System}
}

@ARTICLE{2015PhRvD..92d3503N,
   author = {{Ng}, K.~C.~Y. and {Horiuchi}, S. and {Gaskins}, J.~M. and {Smith}, M. and 
	{Preece}, R.},
    title = "{Improved limits on sterile neutrino dark matter using full-sky Fermi Gamma-ray Burst Monitor data}",
  journal = {\prd},
archivePrefix = "arXiv",
   eprint = {1504.04027},
 keywords = {Dark matter, Decays of heavy neutrinos, Non-standard-model neutrinos right-handed neutrinos etc., Neutrino mass and mixing},
     year = 2015,
    month = aug,
   volume = 92,
   number = 4,
      eid = {043503},
    pages = {043503},
      doi = {10.1103/PhysRevD.92.043503},
   adsurl = {http://adsabs.harvard.edu/abs/2015PhRvD..92d3503N},
  adsnote = {Provided by the SAO/NASA Astrophysics Data System}
}

@ARTICLE{2009PASJ...61..153S,
   author = {{Sofue}, Y.},
    title = "{Pseudo Rotation Curve Connecting the Galaxy, Dark Halo, and Local Group}",
  journal = {\pasj},
archivePrefix = "arXiv",
   eprint = {0811.0860},
 keywords = {Galaxy: dark halo, Galaxy: rotation curve, Galaxy: structure, galaxies: Local Group, universe: dark matter},
     year = 2009,
    month = feb,
   volume = 61,
    pages = {153-},
   adsurl = {http://adsabs.harvard.edu/abs/2009PASJ...61..153S},
  adsnote = {Provided by the SAO/NASA Astrophysics Data System}
}

@ARTICLE{2015NatPh..11..245I,
   author = {{Iocco}, F. and {Pato}, M. and {Bertone}, G.},
    title = "{Evidence for dark matter in the inner Milky Way}",
  journal = {Nature Physics},
archivePrefix = "arXiv",
   eprint = {1502.03821},
     year = 2015,
    month = mar,
   volume = 11,
    pages = {245-248},
      doi = {10.1038/nphys3237},
   adsurl = {http://adsabs.harvard.edu/abs/2015NatPh..11..245I},
  adsnote = {Provided by the SAO/NASA Astrophysics Data System}
}


@ARTICLE{1989A&A...221....4M,
   author = {{Merafina}, M. and {Ruffini}, R.},
    title = "{Systems of selfgravitating classical particles with a cutoff in their distribution function}",
  journal = {\aap},
 keywords = {Elementary Particles, Globular Clusters, Quantum Statistics, Relativistic Theory, Boltzmann Distribution, Computational Astrophysics, Gravitational Fields, Vlasov Equations},
     year = 1989,
    month = aug,
   volume = 221,
    pages = {4-19},
   adsurl = {http://adsabs.harvard.edu/abs/1989A%26A...221....4M},
  adsnote = {Provided by the SAO/NASA Astrophysics Data System}
}

@ARTICLE{2002ApJ...578...90F,
   author = {{Ferrarese}, L.},
    title = "{Beyond the Bulge: A Fundamental Relation between Supermassive Black Holes and Dark Matter Halos}",
  journal = {\apj},
   eprint = {astro-ph/0203469},
 keywords = {Black Hole Physics, Cosmology: Dark Matter, Galaxies: Halos, Galaxies: Nuclei},
     year = 2002,
    month = oct,
   volume = 578,
    pages = {90-97},
      doi = {10.1086/342308},
   adsurl = {http://adsabs.harvard.edu/abs/2002ApJ...578...90F},
  adsnote = {Provided by the SAO/NASA Astrophysics Data System}
}

@ARTICLE{2009ApJ...698..198G,
   author = {{G{\"u}ltekin}, K. and {Richstone}, D.~O. and {Gebhardt}, K. and 
	{Lauer}, T.~R. and {Tremaine}, S. and {Aller}, M.~C. and {Bender}, R. and 
	{Dressler}, A. and {Faber}, S.~M. and {Filippenko}, A.~V. and 
	{Green}, R. and {Ho}, L.~C. and {Kormendy}, J. and {Magorrian}, J. and 
	{Pinkney}, J. and {Siopis}, C.},
    title = "{The M-{$\sigma$} and M-L Relations in Galactic Bulges, and Determinations of Their Intrinsic Scatter}",
  journal = {\apj},
archivePrefix = "arXiv",
   eprint = {0903.4897},
 primaryClass = "astro-ph.GA",
 keywords = {black hole physics, galaxies: general, galaxies: nuclei, galaxies: statistics, stellar dynamics},
     year = 2009,
    month = jun,
   volume = 698,
    pages = {198-221},
      doi = {10.1088/0004-637X/698/1/198},
   adsurl = {http://adsabs.harvard.edu/abs/2009ApJ...698..198G},
  adsnote = {Provided by the SAO/NASA Astrophysics Data System}
}

@ARTICLE{2009MNRAS.397.1169D,
   author = {{Donato}, F. and {Gentile}, G. and {Salucci}, P. and {Frigerio Martins}, C. and 
	{Wilkinson}, M.~I. and {Gilmore}, G. and {Grebel}, E.~K. and 
	{Koch}, A. and {Wyse}, R.},
    title = "{A constant dark matter halo surface density in galaxies}",
  journal = {\mnras},
archivePrefix = "arXiv",
   eprint = {0904.4054},
 keywords = {galaxies: kinematics and dynamics , galaxies: spiral , dark matter},
     year = 2009,
    month = aug,
   volume = 397,
    pages = {1169-1176},
      doi = {10.1111/j.1365-2966.2009.15004.x},
   adsurl = {http://adsabs.harvard.edu/abs/2009MNRAS.397.1169D},
  adsnote = {Provided by the SAO/NASA Astrophysics Data System}
}

@ARTICLE{2011Natur.469..377K,
   author = {{Kormendy}, J. and {Bender}, R.},
    title = "{Supermassive black holes do not correlate with dark matter haloes of galaxies}",
  journal = {\nat},
archivePrefix = "arXiv",
   eprint = {1101.4650},
     year = 2011,
    month = jan,
   volume = 469,
    pages = {377-380},
      doi = {10.1038/nature09695},
   adsurl = {http://adsabs.harvard.edu/abs/2011Natur.469..377K},
  adsnote = {Provided by the SAO/NASA Astrophysics Data System}
}

@ARTICLE{2009JCAP...03..005B,
   author = {{Boyarsky}, A. and {Ruchayskiy}, O. and {Iakubovskyi}, D.},
    title = "{A lower bound on the mass of dark matter particles}",
  journal = {\jcap},
archivePrefix = "arXiv",
   eprint = {0808.3902},
 primaryClass = "hep-ph",
     year = 2009,
    month = mar,
   volume = 3,
      eid = {005},
    pages = {5},
      doi = {10.1088/1475-7516/2009/03/005},
   adsurl = {http://adsabs.harvard.edu/abs/2009JCAP...03..005B},
  adsnote = {Provided by the SAO/NASA Astrophysics Data System}
}

@ARTICLE{2010ApJ...721...26G,
   author = {{Greene}, J.~E. and {Peng}, C.~Y. and {Kim}, M. and {Kuo}, C.-Y. and 
	{Braatz}, J.~A. and {Impellizzeri}, C.~M.~V. and {Condon}, J.~J. and 
	{Lo}, K.~Y. and {Henkel}, C. and {Reid}, M.~J.},
    title = "{Precise Black Hole Masses from Megamaser Disks: Black Hole-Bulge Relations at Low Mass}",
  journal = {\apj},
archivePrefix = "arXiv",
   eprint = {1007.2851},
 keywords = {galaxies: active, galaxies: bulges, galaxies: nuclei, galaxies: Seyfert},
     year = 2010,
    month = sep,
   volume = 721,
    pages = {26-45},
      doi = {10.1088/0004-637X/721/1/26},
   adsurl = {http://adsabs.harvard.edu/abs/2010ApJ...721...26G},
  adsnote = {Provided by the SAO/NASA Astrophysics Data System}
}

@ARTICLE{2009ApJ...704.1274W,
   author = {{Walker}, M.~G. and {Mateo}, M. and {Olszewski}, E.~W. and {Pe{\~n}arrubia}, J. and 
	{Wyn Evans}, N. and {Gilmore}, G.},
    title = "{A Universal Mass Profile for Dwarf Spheroidal Galaxies?}",
  journal = {\apj},
archivePrefix = "arXiv",
   eprint = {0906.0341},
 primaryClass = "astro-ph.CO",
 keywords = {galaxies: dwarf, galaxies: kinematics and dynamics, Local Group},
     year = 2009,
    month = oct,
   volume = 704,
    pages = {1274-1287},
      doi = {10.1088/0004-637X/704/2/1274},
   adsurl = {http://adsabs.harvard.edu/abs/2009ApJ...704.1274W},
  adsnote = {Provided by the SAO/NASA Astrophysics Data System}
}

@ARTICLE{2017ARA&A..55..343B,
   author = {{Bullock}, J.~S. and {Boylan-Kolchin}, M.},
    title = "{Small-Scale Challenges to the {$\Lambda$}CDM Paradigm}",
  journal = {\araa},
archivePrefix = "arXiv",
   eprint = {1707.04256},
     year = 2017,
    month = aug,
   volume = 55,
    pages = {343-387},
      doi = {10.1146/annurev-astro-091916-055313},
   adsurl = {http://adsabs.harvard.edu/abs/2017ARA%26A..55..343B},
  adsnote = {Provided by the SAO/NASA Astrophysics Data System}
}

@ARTICLE{2016JCAP...04..038A,
   author = {{Arg{\"u}elles}, C.~R. and {Mavromatos}, N.~E. and {Rueda}, J.~A. and 
	{Ruffini}, R.},
    title = "{The role of self-interacting right-handed neutrinos in galactic structure}",
  journal = {\jcap},
archivePrefix = "arXiv",
   eprint = {1502.00136},
     year = 2016,
    month = apr,
   volume = 4,
      eid = {038},
    pages = {038},
      doi = {10.1088/1475-7516/2016/04/038},
   adsurl = {http://adsabs.harvard.edu/abs/2016JCAP...04..038A},
  adsnote = {Provided by the SAO/NASA Astrophysics Data System}
}

@ARTICLE{2016AJ....152..157L,
   author = {{Lelli}, F. and {McGaugh}, S.~S. and {Schombert}, J.~M.},
    title = "{SPARC: Mass Models for 175 Disk Galaxies with Spitzer Photometry and Accurate Rotation Curves}",
  journal = {\aj},
archivePrefix = "arXiv",
   eprint = {1606.09251},
 keywords = {dark matter, galaxies: dwarf, galaxies: irregular, galaxies: kinematics and dynamics, galaxies: spiral, galaxies: structure},
     year = 2016,
    month = dec,
   volume = 152,
      eid = {157},
    pages = {157},
      doi = {10.3847/0004-6256/152/6/157},
   adsurl = {http://adsabs.harvard.edu/abs/2016AJ....152..157L},
  adsnote = {Provided by the SAO/NASA Astrophysics Data System}
}

@ARTICLE{2008AJ....136.2648D,
   author = {{de Blok}, W.~J.~G. and {Walter}, F. and {Brinks}, E. and {Trachternach}, C. and 
	{Oh}, S.-H. and {Kennicutt}, Jr., R.~C.},
    title = "{High-Resolution Rotation Curves and Galaxy Mass Models from THINGS}",
  journal = {\aj},
archivePrefix = "arXiv",
   eprint = {0810.2100},
 keywords = {dark matter, galaxies: dwarf, galaxies: fundamental parameters, galaxies: kinematics and dynamics, galaxies: spiral, galaxies: structure},
     year = 2008,
    month = dec,
   volume = 136,
      eid = {2648-2719},
    pages = {2648-2719},
      doi = {10.1088/0004-6256/136/6/2648},
   adsurl = {http://adsabs.harvard.edu/abs/2008AJ....136.2648D},
  adsnote = {Provided by the SAO/NASA Astrophysics Data System}
}

@ARTICLE{2005ApJ...635...73H,
   author = {{Hoekstra}, H. and {Hsieh}, B.~C. and {Yee}, H.~K.~C. and {Lin}, H. and 
	{Gladders}, M.~D.},
    title = "{Virial Masses and the Baryon Fraction in Galaxies}",
  journal = {\apj},
   eprint = {astro-ph/0510097},
 keywords = {Cosmology: Observations, Cosmology: Dark Matter, Galaxies: Halos, Cosmology: Gravitational Lensing},
     year = 2005,
    month = dec,
   volume = 635,
    pages = {73-85},
      doi = {10.1086/496913},
   adsurl = {http://adsabs.harvard.edu/abs/2005ApJ...635...73H},
  adsnote = {Provided by the SAO/NASA Astrophysics Data System}
}

@ARTICLE{2008Natur.454.1096S,
   author = {{Strigari}, L.~E. and {Bullock}, J.~S. and {Kaplinghat}, M. and 
	{Simon}, J.~D. and {Geha}, M. and {Willman}, B. and {Walker}, M.~G.
	},
    title = "{A common mass scale for satellite galaxies of the Milky Way}",
  journal = {\nat},
archivePrefix = "arXiv",
   eprint = {0808.3772},
     year = 2008,
    month = aug,
   volume = 454,
    pages = {1096-1097},
      doi = {10.1038/nature07222},
   adsurl = {http://adsabs.harvard.edu/abs/2008Natur.454.1096S},
  adsnote = {Provided by the SAO/NASA Astrophysics Data System}
}

@ARTICLE{2001ApJ...553..722R,
   author = {{Romanowsky}, A.~J. and {Kochanek}, C.~S.},
    title = "{Dynamics of Stars and Globular Clusters in M87}",
  journal = {\apj},
   eprint = {astro-ph/0008062},
 keywords = {Galaxies: Elliptical and Lenticular, cD, Galaxies: Halos, Galaxies: Individual: Messier Number: M87, Galaxies: Kinematics and Dynamics, Galaxies: Star Clusters, Galaxies: Structure, Galaxy: Globular Clusters: General},
     year = 2001,
    month = jun,
   volume = 553,
    pages = {722-732},
      doi = {10.1086/320947},
   adsurl = {http://adsabs.harvard.edu/abs/2001ApJ...553..722R},
  adsnote = {Provided by the SAO/NASA Astrophysics Data System}
}

@ARTICLE{1995MNRAS.274.1093N,
   author = {{Nulsen}, P.~E.~J. and {Bohringer}, H.},
    title = "{A ROSAT determination of the mass of the central Virgo Cluster}",
  journal = {\mnras},
 keywords = {GALAXIES: CLUSTERS: INDIVIDUAL: VIRGO, GALAXIES: FUNDAMENTAL PARAMETERS, GALAXIES: INDIVIDUAL: M87, INTERGALACTIC MEDIUM, DARK MATTER, X-RAYS: GENERAL},
     year = 1995,
    month = jun,
   volume = 274,
    pages = {1093-1106},
      doi = {10.1093/mnras/274.4.1093},
   adsurl = {http://adsabs.harvard.edu/abs/1995MNRAS.274.1093N},
  adsnote = {Provided by the SAO/NASA Astrophysics Data System}
}

@ARTICLE{2013ApJ...778...47S,
   author = {{Sun}, A.-L. and {Greene}, J.~E. and {Impellizzeri}, C.~M.~V. and 
	{Kuo}, C.-Y. and {Braatz}, J.~A. and {Tuttle}, S.},
    title = "{Refining the M $_{BH}$-V $_{c}$ Scaling Relation with H I Rotation Curves of Water Megamaser Galaxies}",
  journal = {\apj},
archivePrefix = "arXiv",
   eprint = {1309.5166},
 keywords = {quasars: supermassive black holes },
     year = 2013,
    month = nov,
   volume = 778,
      eid = {47},
    pages = {47},
      doi = {10.1088/0004-637X/778/1/47},
   adsurl = {http://adsabs.harvard.edu/abs/2013ApJ...778...47S},
  adsnote = {Provided by the SAO/NASA Astrophysics Data System}
}

@ARTICLE{2006ApJ...646..899H,
   author = {{Humphrey}, P.~J. and {Buote}, D.~A. and {Gastaldello}, F. and 
	{Zappacosta}, L. and {Bullock}, J.~S. and {Brighenti}, F. and 
	{Mathews}, W.~G.},
    title = "{A Chandra View of Dark Matter in Early-Type Galaxies}",
  journal = {\apj},
   eprint = {astro-ph/0601301},
 keywords = {Cosmology: Dark Matter, Galaxies: Elliptical and Lenticular, cD, Galaxies: Halos, Galaxies: ISM, X-Rays: Galaxies},
     year = 2006,
    month = aug,
   volume = 646,
    pages = {899-918},
      doi = {10.1086/505019},
   adsurl = {http://adsabs.harvard.edu/abs/2006ApJ...646..899H},
  adsnote = {Provided by the SAO/NASA Astrophysics Data System}
}

@ARTICLE{2014JKPS...65..809A,
   author = {{Arg{\"u}elles}, C.~R. and {Ruffini}, R. and {Fraga}, B.~M.~O.
	},
    title = "{Critical configurations for a system of semidegenerate fermions}",
  journal = {Journal of Korean Physical Society},
archivePrefix = "arXiv",
   eprint = {1402.1329},
 keywords = {Dark Matter, Galaxies, Super-massive black holes, Halos, Self-gravitating systems, Fermions},
     year = 2014,
    month = sep,
   volume = 65,
    pages = {809-813},
      doi = {10.3938/jkps.65.809},
   adsurl = {http://adsabs.harvard.edu/abs/2014JKPS...65..809A},
  adsnote = {Provided by the SAO/NASA Astrophysics Data System}
}

@ARTICLE{2015ApJ...800..124B,
   author = {{Bogd{\'a}n}, {\'A}. and {Goulding}, A.~D.},
    title = "{Connecting Dark Matter Halos with the Galaxy Center and the Supermassive Black Hole}",
  journal = {\apj},
archivePrefix = "arXiv",
   eprint = {1502.05043},
 keywords = {galaxies: elliptical and lenticular, cD, galaxies: evolution, galaxies: halos, X-rays: galaxies, X-rays: ISM },
     year = 2015,
    month = feb,
   volume = 800,
      eid = {124},
    pages = {124},
      doi = {10.1088/0004-637X/800/2/124},
   adsurl = {http://adsabs.harvard.edu/abs/2015ApJ...800..124B},
  adsnote = {Provided by the SAO/NASA Astrophysics Data System}
}

@ARTICLE{2009ARNPS..59..191B,
   author = {{Boyarsky}, A. and {Ruchayskiy}, O. and {Shaposhnikov}, M.},
    title = "{The Role of Sterile Neutrinos in Cosmology and Astrophysics}",
  journal = {Annual Review of Nuclear and Particle Science},
archivePrefix = "arXiv",
   eprint = {0901.0011},
 primaryClass = "hep-ph",
     year = 2009,
    month = nov,
   volume = 59,
    pages = {191-214},
      doi = {10.1146/annurev.nucl.010909.083654},
   adsurl = {http://adsabs.harvard.edu/abs/2009ARNPS..59..191B},
  adsnote = {Provided by the SAO/NASA Astrophysics Data System}
}

@ARTICLE{2013PhRvD..88d3502V,
   author = {{Viel}, M. and {Becker}, G.~D. and {Bolton}, J.~S. and {Haehnelt}, M.~G.
	},
    title = "{Warm dark matter as a solution to the small scale crisis: New constraints from high redshift Lyman-{$\alpha$} forest data}",
  journal = {\prd},
archivePrefix = "arXiv",
   eprint = {1306.2314},
 keywords = {Particle-theory and field-theory models of the early Universe, Dark matter, Intergalactic matter, quasar absorption and emission-line systems, Lyman forest},
     year = 2013,
    month = aug,
   volume = 88,
   number = 4,
      eid = {043502},
    pages = {043502},
      doi = {10.1103/PhysRevD.88.043502},
   adsurl = {http://adsabs.harvard.edu/abs/2013PhRvD..88d3502V},
  adsnote = {Provided by the SAO/NASA Astrophysics Data System}
}

@ARTICLE{2008ApJ...688..277T,
   author = {{Tollerud}, E.~J. and {Bullock}, J.~S. and {Strigari}, L.~E. and 
	{Willman}, B.},
    title = "{Hundreds of Milky Way Satellites? Luminosity Bias in the Satellite Luminosity Function}",
  journal = {\apj},
archivePrefix = "arXiv",
   eprint = {0806.4381},
 keywords = {cosmology: observations, galaxies: dwarf, galaxies: halos, Local Group, surveys },
     year = 2008,
    month = nov,
   volume = 688,
      eid = {277-289},
    pages = {277-289},
      doi = {10.1086/592102},
   adsurl = {http://adsabs.harvard.edu/abs/2008ApJ...688..277T},
  adsnote = {Provided by the SAO/NASA Astrophysics Data System}
}

@ARTICLE{2010AdAst2010E...5D,
   author = {{de Blok}, W.~J.~G.},
    title = "{The Core-Cusp Problem}",
  journal = {Advances in Astronomy},
archivePrefix = "arXiv",
   eprint = {0910.3538},
     year = 2010,
   volume = 2010,
      eid = {789293},
    pages = {789293},
      doi = {10.1155/2010/789293},
   adsurl = {http://adsabs.harvard.edu/abs/2010AdAst2010E...5D},
  adsnote = {Provided by the SAO/NASA Astrophysics Data System}
}

@ARTICLE{1997ApJ...490..493N,
   author = {{Navarro}, J.~F. and {Frenk}, C.~S. and {White}, S.~D.~M.},
    title = "{A Universal Density Profile from Hierarchical Clustering}",
  journal = {\apj},
   eprint = {astro-ph/9611107},
 keywords = {Cosmology: Theory, Cosmology: Dark Matter, Galaxies: Halos, Methods: Numerical},
     year = 1997,
    month = dec,
   volume = 490,
    pages = {493-508},
   adsurl = {http://adsabs.harvard.edu/abs/1997ApJ...490..493N},
  adsnote = {Provided by the SAO/NASA Astrophysics Data System}
}

@ARTICLE{2004AJ....127.2031K,
   author = {{Karachentsev}, I.~D. and {Karachentseva}, V.~E. and {Huchtmeier}, W.~K. and 
	{Makarov}, D.~I.},
    title = "{A Catalog of Neighboring Galaxies}",
  journal = {\aj},
 keywords = {Galaxies: Distances and Redshifts, Galaxies: Fundamental Parameters, Galaxies: Luminosity Function, Mass Function},
     year = 2004,
    month = apr,
   volume = 127,
    pages = {2031-2068},
      doi = {10.1086/382905},
   adsurl = {http://adsabs.harvard.edu/abs/2004AJ....127.2031K},
  adsnote = {Provided by the SAO/NASA Astrophysics Data System}
}

@ARTICLE{1995MNRAS.277.1354I,
   author = {{Irwin}, M. and {Hatzidimitriou}, D.},
    title = "{Structural parameters for the Galactic dwarf spheroidals}",
  journal = {\mnras},
 keywords = {GALAXY: STRUCTURE, GALAXIES: STRUCTURE, DARK MATTER},
     year = 1995,
    month = dec,
   volume = 277,
    pages = {1354-1378},
      doi = {10.1093/mnras/277.4.1354},
   adsurl = {http://adsabs.harvard.edu/abs/1995MNRAS.277.1354I},
  adsnote = {Provided by the SAO/NASA Astrophysics Data System}
}

@ARTICLE{2001AJ....121.1936G,
   author = {{Gerhard}, O. and {Kronawitter}, A. and {Saglia}, R.~P. and 
	{Bender}, R.},
    title = "{Dynamical Family Properties and Dark Halo Scaling Relations of Giant Elliptical Galaxies}",
  journal = {\aj},
   eprint = {astro-ph/0012381},
 keywords = {Cosmology: Dark Matter, Galaxies: Elliptical and Lenticular, cD, Galaxies: Formation, Galaxies: Halos, Galaxies: Kinematics and Dynamics, Galaxies: Stellar Content},
     year = 2001,
    month = apr,
   volume = 121,
    pages = {1936-1951},
      doi = {10.1086/319940},
   adsurl = {http://adsabs.harvard.edu/abs/2001AJ....121.1936G},
  adsnote = {Provided by the SAO/NASA Astrophysics Data System}
}


@ARTICLE{2009arXiv0911.1774B,
   author = {{Boyarsky}, A. and {Ruchayskiy}, O. and {Iakubovskyi}, D. and 
	{Maccio'}, A.~V. and {Malyshev}, D.},
    title = "{New evidence for dark matter}",
  journal = {ArXiv e-prints},
archivePrefix = "arXiv",
   eprint = {0911.1774},
 primaryClass = "astro-ph.CO",
 keywords = {Astrophysics - Cosmology and Extragalactic Astrophysics, High Energy Physics - Phenomenology, High Energy Physics - Theory},
     year = 2009,
    month = nov,
   adsurl = {http://adsabs.harvard.edu/abs/2009arXiv0911.1774B},
  adsnote = {Provided by the SAO/NASA Astrophysics Data System}
}

@ARTICLE{2000ApJ...539L...9F,
   author = {{Ferrarese}, L. and {Merritt}, D.},
    title = "{A Fundamental Relation between Supermassive Black Holes and Their Host Galaxies}",
  journal = {\apjl},
   eprint = {astro-ph/0006053},
 keywords = {Black Hole Physics, Galaxies: Evolution, Galaxies: Kinematics and Dynamics},
     year = 2000,
    month = aug,
   volume = 539,
    pages = {L9-L12},
      doi = {10.1086/312838},
   adsurl = {http://adsabs.harvard.edu/abs/2000ApJ...539L...9F},
  adsnote = {Provided by the SAO/NASA Astrophysics Data System}
}

@ARTICLE{2000ApJ...539L..13G,
   author = {{Gebhardt}, K. and {Bender}, R. and {Bower}, G. and {Dressler}, A. and 
	{Faber}, S.~M. and {Filippenko}, A.~V. and {Green}, R. and {Grillmair}, C. and 
	{Ho}, L.~C. and {Kormendy}, J. and {Lauer}, T.~R. and {Magorrian}, J. and 
	{Pinkney}, J. and {Richstone}, D. and {Tremaine}, S.},
    title = "{A Relationship between Nuclear Black Hole Mass and Galaxy Velocity Dispersion}",
  journal = {\apjl},
   eprint = {astro-ph/0006289},
 keywords = {Galaxies: General, Galaxies: Nuclei, Galaxies: Statistics},
     year = 2000,
    month = aug,
   volume = 539,
    pages = {L13-L16},
      doi = {10.1086/312840},
   adsurl = {http://adsabs.harvard.edu/abs/2000ApJ...539L..13G},
  adsnote = {Provided by the SAO/NASA Astrophysics Data System}
}

@ARTICLE{2011ApJ...742...20W,
   author = {{Walker}, M.~G. and {Pe{\~n}arrubia}, J.},
    title = "{A Method for Measuring (Slopes of) the Mass Profiles of Dwarf Spheroidal Galaxies}",
  journal = {\apj},
archivePrefix = "arXiv",
   eprint = {1108.2404},
 keywords = {dark matter, galaxies: dwarf, galaxies: fundamental parameters, galaxies: kinematics and dynamics},
     year = 2011,
    month = nov,
   volume = 742,
      eid = {20},
    pages = {20},
      doi = {10.1088/0004-637X/742/1/20},
   adsurl = {http://adsabs.harvard.edu/abs/2011ApJ...742...20W},
  adsnote = {Provided by the SAO/NASA Astrophysics Data System}
}

@ARTICLE{2005ApJ...628..137V,
   author = {{Valluri}, M. and {Ferrarese}, L. and {Merritt}, D. and {Joseph}, C.~L.
	},
    title = "{The Low End of the Supermassive Black Hole Mass Function: Constraining the Mass of a Nuclear Black Hole in NGC 205 via Stellar Kinematics}",
  journal = {\apj},
   eprint = {astro-ph/0502493},
 keywords = {Galaxies: Elliptical and Lenticular, cD, Galaxies: Nuclei, Galaxies: Structure, Stellar Dynamics},
     year = 2005,
    month = jul,
   volume = 628,
    pages = {137-152},
      doi = {10.1086/430752},
   adsurl = {http://adsabs.harvard.edu/abs/2005ApJ...628..137V},
  adsnote = {Provided by the SAO/NASA Astrophysics Data System}
}

@ARTICLE{2017ApJ...839...72A,
   author = {{Ahn}, C.~P. and {Seth}, A.~C. and {den Brok}, M. and {Strader}, J. and 
	{Baumgardt}, H. and {van den Bosch}, R. and {Chilingarian}, I. and 
	{Frank}, M. and {Hilker}, M. and {McDermid}, R. and {Mieske}, S. and 
	{Romanowsky}, A.~J. and {Spitler}, L. and {Brodie}, J. and {Neumayer}, N. and 
	{Walsh}, J.~L.},
    title = "{Detection of Supermassive Black Holes in Two Virgo Ultracompact Dwarf Galaxies}",
  journal = {\apj},
archivePrefix = "arXiv",
   eprint = {1703.09221},
 keywords = {galaxies: clusters: general, galaxies: dwarf, galaxies: evolution, galaxies: formation, galaxies: kinematics and dynamics },
     year = 2017,
    month = apr,
   volume = 839,
      eid = {72},
    pages = {72},
      doi = {10.3847/1538-4357/aa6972},
   adsurl = {http://adsabs.harvard.edu/abs/2017ApJ...839...72A},
  adsnote = {Provided by the SAO/NASA Astrophysics Data System}
}

@ARTICLE{2017PhRvD..95d3541H,
   author = {{Hui}, L. and {Ostriker}, J.~P. and {Tremaine}, S. and {Witten}, E.
	},
    title = "{Ultralight scalars as cosmological dark matter}",
  journal = {\prd},
archivePrefix = "arXiv",
   eprint = {1610.08297},
     year = 2017,
    month = feb,
   volume = 95,
   number = 4,
      eid = {043541},
    pages = {043541},
      doi = {10.1103/PhysRevD.95.043541},
   adsurl = {http://adsabs.harvard.edu/abs/2017PhRvD..95d3541H},
  adsnote = {Provided by the SAO/NASA Astrophysics Data System}
}

@ARTICLE{1983PhLB..122..221B,
   author = {{Baldeschi}, M.~R. and {Gelmini}, G.~B. and {Ruffini}, R.},
    title = "{On massive fermions and bosons in galactic halos}",
  journal = {Physics Letters B},
     year = 1983,
    month = mar,
   volume = 122,
    pages = {221-224},
      doi = {10.1016/0370-2693(83)90688-3},
   adsurl = {http://adsabs.harvard.edu/abs/1983PhLB..122..221B},
  adsnote = {Provided by the SAO/NASA Astrophysics Data System}
}

@ARTICLE{1969PhRv..187.1767R,
   author = {{Ruffini}, R. and {Bonazzola}, S.},
    title = "{Systems of Self-Gravitating Particles in General Relativity and the Concept of an Equation of State}",
  journal = {Physical Review},
     year = 1969,
    month = nov,
   volume = 187,
    pages = {1767-1783},
      doi = {10.1103/PhysRev.187.1767},
   adsurl = {http://adsabs.harvard.edu/abs/1969PhRv..187.1767R},
  adsnote = {Provided by the SAO/NASA Astrophysics Data System}
}

@ARTICLE{1998MNRAS.296..569C,
   author = {{Chavanis}, P.-H. and {Sommeria}, J.},
    title = "{Degenerate equilibrium states of collisionless stellar systems}",
  journal = {\mnras},
 keywords = {CELESTIAL MECHANICS, STELLAR DYNAMICS, GALAXIES: GENERAL},
     year = 1998,
    month = may,
   volume = 296,
    pages = {569-578},
      doi = {10.1046/j.1365-8711.1998.01414.x},
   adsurl = {http://adsabs.harvard.edu/abs/1998MNRAS.296..569C},
  adsnote = {Provided by the SAO/NASA Astrophysics Data System}
}


@ARTICLE{2002PrPNP..48..291B,
   author = {{Bilic}, N. and {Munyaneza}, F. and {Tupper}, G.~B. and {Viollier}, R.~D.
	},
    title = "{The dynamics of stars near Sgr A* and dark matter at the center and in the halo of the galaxy}",
  journal = {Progress in Particle and Nuclear Physics},
     year = 2002,
   volume = 48,
    pages = {291-300},
      doi = {10.1016/S0146-6410(02)00136-9},
   adsurl = {http://adsabs.harvard.edu/abs/2002PrPNP..48..291B},
  adsnote = {Provided by the SAO/NASA Astrophysics Data System}
}

@ARTICLE{2017MNRAS.467.1515R,
   author = {{Randall}, L. and {Scholtz}, J. and {Unwin}, J.},
    title = "{Cores in Dwarf Galaxies from Fermi Repulsion}",
  journal = {\mnras},
archivePrefix = "arXiv",
   eprint = {1611.04590},
 keywords = {Cosmology: theory, dark matter, elementary particles, galaxies: dwarf, cosmology: theory},
     year = 2017,
    month = may,
   volume = 467,
    pages = {1515-1525},
      doi = {10.1093/mnras/stx161},
   adsurl = {http://adsabs.harvard.edu/abs/2017MNRAS.467.1515R},
  adsnote = {Provided by the SAO/NASA Astrophysics Data System}
}

@ARTICLE{2015MNRAS.451.2524M,
   author = {{Martinez}, G.~D.},
    title = "{A robust determination of Milky Way satellite properties using hierarchical mass modelling}",
  journal = {\mnras},
archivePrefix = "arXiv",
   eprint = {1309.2641},
 keywords = {methods: statistical, galaxies: dwarf, galaxies: kinematics and dynamics, Local Group, galaxies: statistics, galaxies: structure},
     year = 2015,
    month = aug,
   volume = 451,
    pages = {2524-2535},
      doi = {10.1093/mnras/stv942},
   adsurl = {http://adsabs.harvard.edu/abs/2015MNRAS.451.2524M},
  adsnote = {Provided by the SAO/NASA Astrophysics Data System}
}

@BOOK{2008gady.book.....B,
   author = {{Binney}, J. and {Tremaine}, S.},
    title = "{Galactic Dynamics: Second Edition}",
booktitle = {Galactic Dynamics: Second Edition, by James Binney and Scott Tremaine.~ISBN 978-0-691-13026-2 (HB).~Published by Princeton University Press, Princeton, NJ USA, 2008.},
     year = 2008,
publisher = {Princeton University Press},
   adsurl = {http://adsabs.harvard.edu/abs/2008gady.book.....B},
  adsnote = {Provided by the SAO/NASA Astrophysics Data System}
}

@ARTICLE{2017MNRAS.465.1621P,
   author = {{Portail}, M. and {Gerhard}, O. and {Wegg}, C. and {Ness}, M.
	},
    title = "{Dynamical modelling of the galactic bulge and bar: the Milky Way's pattern speed, stellar and dark matter mass distribution}",
  journal = {\mnras},
archivePrefix = "arXiv",
   eprint = {1608.07954},
 keywords = {methods: numerical, Galaxy: bulge, Galaxy: centre, Galaxy: kinematics and dynamics, Galaxy: structure},
     year = 2017,
    month = feb,
   volume = 465,
    pages = {1621-1644},
      doi = {10.1093/mnras/stw2819},
   adsurl = {http://adsabs.harvard.edu/abs/2017MNRAS.465.1621P},
  adsnote = {Provided by the SAO/NASA Astrophysics Data System}
}

@ARTICLE{2015JCAP...12..001P,
   author = {{Pato}, M. and {Iocco}, F. and {Bertone}, G.},
    title = "{Dynamical constraints on the dark matter distribution in the Milky Way}",
  journal = {\jcap},
archivePrefix = "arXiv",
   eprint = {1504.06324},
     year = 2015,
    month = dec,
   volume = 12,
      eid = {001},
    pages = {001},
      doi = {10.1088/1475-7516/2015/12/001},
   adsurl = {http://adsabs.harvard.edu/abs/2015JCAP...12..001P},
  adsnote = {Provided by the SAO/NASA Astrophysics Data System}
}

@ARTICLE{2017PDU....15...90I,
   author = {{Iocco}, F. and {Benito}, M.},
    title = "{An estimate of the DM profile in the Galactic bulge region}",
  journal = {Physics of the Dark Universe},
archivePrefix = "arXiv",
   eprint = {1611.09861},
 keywords = {Dark Matter, Milky Way, Galactic Center, Indirect detection, Stellar dynamics},
     year = 2017,
    month = mar,
   volume = 15,
    pages = {90-95},
      doi = {10.1016/j.dark.2016.12.004},
   adsurl = {http://adsabs.harvard.edu/abs/2017PDU....15...90I},
  adsnote = {Provided by the SAO/NASA Astrophysics Data System}
}


@ARTICLE{2018arXiv180411348W,
   author = {{Watkins}, L.~L. and {van der Marel}, R.~P. and {Sohn}, S.~T. and 
	{Evans}, N.~W.},
    title = "{Evidence for an Intermediate-Mass Milky Way from Gaia DR2 Halo Globular Cluster Motions}",
  journal = {ArXiv e-prints},
archivePrefix = "arXiv",
   eprint = {1804.11348},
 keywords = {Astrophysics - Astrophysics of Galaxies},
     year = 2018,
    month = apr,
   adsurl = {http://adsabs.harvard.edu/abs/2018arXiv180411348W},
  adsnote = {Provided by the SAO/NASA Astrophysics Data System}
}

@ARTICLE{2016arXiv160607040A,
   author = {{Arg{\"u}elles}, C.~R. and {Krut}, A. and {Rueda}, J.~A. and 
	{Ruffini}, R.},
    title = "{Novel constraints on fermionic dark matter from galactic observables}",
  journal = {ArXiv e-prints},
archivePrefix = "arXiv",
   eprint = {1606.07040},
 keywords = {Astrophysics - Astrophysics of Galaxies},
     year = 2018,
    month = jun,
   adsurl = {http://adsabs.harvard.edu/abs/2016arXiv160607040A},
  adsnote = {Provided by the SAO/NASA Astrophysics Data System}
}

@ARTICLE{1995ApJ...447L..25B,
   author = {{Burkert}, A.},
    title = "{The Structure of Dark Matter Halos in Dwarf Galaxies}",
  journal = {\apjl},
   eprint = {astro-ph/9504041},
 keywords = {COSMOLOGY: DARK MATTER, GALAXIES: SPIRAL, GALAXIES: STRUCTURE},
     year = 1995,
    month = jul,
   volume = 447,
    pages = {L25-L28},
      doi = {10.1086/309560},
   adsurl = {http://adsabs.harvard.edu/abs/1995ApJ...447L..25B},
  adsnote = {Provided by the SAO/NASA Astrophysics Data System}
}

@ARTICLE{1996ApJ...462..563N,
   author = {{Navarro}, J.~F. and {Frenk}, C.~S. and {White}, S.~D.~M.},
    title = "{The Structure of Cold Dark Matter Halos}",
  journal = {\apj},
   eprint = {astro-ph/9508025},
 keywords = {COSMOLOGY: THEORY, COSMOLOGY: DARK MATTER, GALAXIES: HALOS, METHODS: NUMERICAL},
     year = 1996,
    month = may,
   volume = 462,
    pages = {563},
      doi = {10.1086/177173},
   adsurl = {http://adsabs.harvard.edu/abs/1996ApJ...462..563N},
  adsnote = {Provided by the SAO/NASA Astrophysics Data System}
}

@ARTICLE{1999MNRAS.310..645W,
   author = {{Wilkinson}, M.~I. and {Evans}, N.~W.},
    title = "{The present and future mass of the Milky Way halo}",
  journal = {\mnras},
   eprint = {astro-ph/9906197},
 keywords = {GALAXY: FUNDAMENTAL PARAMETERS, GALAXY: HALO, GALAXY: KINEMATICS AND DYNAMICS},
     year = 1999,
    month = dec,
   volume = 310,
    pages = {645-662},
      doi = {10.1046/j.1365-8711.1999.02964.x},
   adsurl = {http://adsabs.harvard.edu/abs/1999MNRAS.310..645W},
  adsnote = {Provided by the SAO/NASA Astrophysics Data System}
}

@ARTICLE{2012MNRAS.424L..44D,
   author = {{Deason}, A.~J. and {Belokurov}, V. and {Evans}, N.~W. and {An}, J.
	},
    title = "{Broken degeneracies: the rotation curve and velocity anisotropy of the Milky Way halo}",
  journal = {\mnras},
archivePrefix = "arXiv",
   eprint = {1204.5189},
 keywords = {stars, Galaxy: halo, Galaxy: kinematics and dynamics, dark matter},
     year = 2012,
    month = jul,
   volume = 424,
    pages = {L44-L48},
      doi = {10.1111/j.1745-3933.2012.01283.x},
   adsurl = {http://adsabs.harvard.edu/abs/2012MNRAS.424L..44D},
  adsnote = {Provided by the SAO/NASA Astrophysics Data System}
}